@book{citeKey1,
  title={{Form and style in thesis writing}},
  author={Campbell, W.G.},
  year={1954},
  publisher={Houghton Mifflin}
}

@Inbook{Schwaber1997,
author="Schwaber, Ken",
editor="Sutherland, Jeff
and Casanave, Cory
and Miller, Joaquin
and Patel, Philip
and Hollowell, Glenn",
chapter="SCRUM Development Process",
title="Business Object Design and Implementation: OOPSLA '95 Workshop Proceedings 16 October 1995, Austin, Texas",
year="1997",
publisher="Springer London",
address="London",
pages="117--134",
isbn="978-1-4471-0947-1",
doi="10.1007/978-1-4471-0947-1_11",
url="http://dx.doi.org/10.1007/978-1-4471-0947-1_11"
}

@book{schwaber_2004,
  place={Redmond, WA},
  title={Agile project management with Scrum},
  publisher={Microsoft Press},
  author={Schwaber, Ken},
  year={2004}}

@misc{metportal,
  title = {{MET Portal}},
  howpublished = {\url{http://met.guc.edu.eg/}}
}
